<record><leader>03506cam a2200445 i 4500</leader><controlfield tag="001">6804951</controlfield><controlfield tag="003">OCoLC</controlfield><controlfield tag="005">20150310085336.0</controlfield><controlfield tag="008">150120t20152015sz       b    001 0 eng d</controlfield><datafield ind1=" " ind2=" " tag="010"><subfield code="a">  2014956262</subfield></datafield><datafield ind1=" " ind2=" " tag="020"><subfield code="a">9783319122670</subfield><subfield code="q">hardback</subfield><subfield code="q">acid-free paper</subfield></datafield><datafield ind1=" " ind2=" " tag="020"><subfield code="a">3319122673</subfield><subfield code="q">hardback</subfield><subfield code="q">acid-free paper</subfield></datafield><datafield ind1=" " ind2=" " tag="020"><subfield code="z">9783319122687</subfield><subfield code="q">eBook</subfield></datafield><datafield ind1=" " ind2=" " tag="035"><subfield code="a">ocn900709424</subfield></datafield><datafield ind1=" " ind2=" " tag="039"><subfield code="a">exclude</subfield></datafield><datafield ind1=" " ind2=" " tag="040"><subfield code="a">CDX</subfield><subfield code="b">eng</subfield><subfield code="e">rda</subfield><subfield code="c">CDX</subfield><subfield code="d">OHX</subfield><subfield code="d">GUB</subfield><subfield code="d">BTCTA</subfield><subfield code="d">YDXCP</subfield><subfield code="d">CLU</subfield><subfield code="d">AEU</subfield></datafield><datafield ind1=" " ind2="4" tag="050"><subfield code="a">KJA147</subfield><subfield code="b">.M687 2015</subfield></datafield><datafield ind1=" " ind2="7" tag="072"><subfield code="a">K</subfield><subfield code="2">lcco</subfield></datafield><datafield ind1="0" ind2="4" tag="082"><subfield code="a">340.1</subfield><subfield code="2">23</subfield></datafield><datafield ind1=" " ind2=" " tag="090"><subfield code="a">KJA 147 M687 2015</subfield><subfield code="b">AEU</subfield></datafield><datafield ind1=" " ind2=" " tag="090"><subfield code="a">KJA147 .M687 2015</subfield><subfield code="b">AEGMCT</subfield></datafield><datafield ind1="1" ind2=" " tag="100"><subfield code="a">Mousourakis, George,</subfield><subfield code="e">author.</subfield></datafield><datafield ind1="1" ind2="0" tag="245"><subfield code="a">Roman law and the origins of the civil law tradition /</subfield><subfield code="c">George Mousourakis.</subfield></datafield><datafield ind1=" " ind2="1" tag="264"><subfield code="a">Cham [Switzerland] :</subfield><subfield code="b">Springer,</subfield><subfield code="c">[2015]</subfield></datafield><datafield ind1=" " ind2="4" tag="264"><subfield code="c">&#169;2015</subfield></datafield><datafield ind1=" " ind2=" " tag="300"><subfield code="a">xvi, 328 pages ;</subfield><subfield code="c">24 cm</subfield></datafield><datafield ind1=" " ind2=" " tag="336"><subfield code="a">text</subfield><subfield code="b">txt</subfield><subfield code="2">rdacontent</subfield></datafield><datafield ind1=" " ind2=" " tag="337"><subfield code="a">unmediated</subfield><subfield code="b">n</subfield><subfield code="2">rdamedia</subfield></datafield><datafield ind1=" " ind2=" " tag="338"><subfield code="a">volume</subfield><subfield code="b">nc</subfield><subfield code="2">rdacarrier</subfield></datafield><datafield ind1=" " ind2=" " tag="504"><subfield code="a">Includes bibliographical references (pages 311-314) and index.</subfield></datafield><datafield ind1="0" ind2=" " tag="505"><subfield code="a">The historical and constitutional context of Roman law : a brief overview -- The sources of Roman law -- The private law -- Criminal law and criminal justice -- The codification of Roman law -- Roman law and Byzantine imperial legislation -- The survival and resurgence of Roman law in Western Europe -- Codification and the rise of modern civil law.</subfield></datafield><datafield ind1=" " ind2=" " tag="520"><subfield code="a">"This unique publication offers a complete history of Roman law, from its early beginnings through to its resurgence in Europe where it was widely applied until the eighteenth century. Besides a detailed overview of the sources of Roman law, the book also includes sections on private and criminal law and procedure, with special attention given to those aspects of Roman law that have particular importance to today's lawyer. The last three chapters of the book offer an overview of the history of Roman law from the early Middle Ages to modern times and illustrate the way in which Roman law furnished the basis of contemporary civil law systems. In this part, special attention is given to the factors that warranted the revival and subsequent reception of Roman law as the 'common law' of Continental Europe. ... The civil law tradition is the oldest legal tradition in the world today, embracing many legal systems currently in force in Continental Europe, Latin America and other parts of the world. Despite the considerable differences in the substantive laws of civil law countries, a fundamental unity exists between them. The most obvious element of unity is the fact that the civil law systems are all derived from the same sources and their legal institutions are classified in accordance with a commonly accepted scheme existing prior to their own development, which they adopted and adapted at some stage in their history. Roman law is both in point of time and range of influence the first catalyst in the evolution of the civil law tradition." -- Back cover.</subfield></datafield><datafield ind1=" " ind2=" " tag="596"><subfield code="a">29 43</subfield></datafield><datafield ind1=" " ind2="0" tag="650"><subfield code="a">Roman law</subfield><subfield code="x">History.</subfield></datafield><datafield ind1=" " ind2="0" tag="650"><subfield code="a">Civil law</subfield><subfield code="x">History.</subfield></datafield><datafield ind1=" " ind2="0" tag="650"><subfield code="a">Roman law</subfield><subfield code="x">Influence.</subfield></datafield><datafield ind1=" " ind2="0" tag="650"><subfield code="a">Roman law</subfield><subfield code="x">Sources.</subfield></datafield><datafield ind1=" " ind2=" " tag="949"><subfield code="a">KJA147 .M687 2015</subfield><subfield code="h">GMCT-OS-B</subfield><subfield code="i">1007405275</subfield><subfield code="p">121.02</subfield><subfield code="k">AVAIL_SOON</subfield></datafield><datafield ind1=" " ind2=" " tag="926"><subfield code="a">KJA147 .M687 2015</subfield><subfield code="w">LC</subfield><subfield code="c">1</subfield><subfield code="i">1007405275</subfield><subfield code="d">4/27/2016</subfield><subfield code="e">2/1/2016</subfield><subfield code="l">ON_SHELF</subfield><subfield code="m">GR_MACEWAN</subfield><subfield code="n">3</subfield><subfield code="p">$121.02</subfield><subfield code="q">1</subfield><subfield code="r">Y</subfield><subfield code="s">Y</subfield><subfield code="t">BOOK</subfield><subfield code="u">3/18/2015</subfield></datafield><datafield ind1=" " ind2=" " tag="926"><subfield code="a">KJA 147 M687 2015</subfield><subfield code="w">LC</subfield><subfield code="c">1</subfield><subfield code="i">0162034458420</subfield><subfield code="l">ON_SHELF</subfield><subfield code="m">UAHSS</subfield><subfield code="p">$150.00</subfield><subfield code="r">Y</subfield><subfield code="s">Y</subfield><subfield code="t">BOOK</subfield><subfield code="u">6/30/2015</subfield></datafield></record>